<?xml version="1.0" encoding="UTF-8"?><collection xmlns="http://www.loc.gov/MARC21/slim"><record><leader>00325nam--2200133-i-4500</leader><controlfield tag="001">000006941</controlfield><controlfield tag="002">20161230</controlfield><controlfield tag="005">20170209171516</controlfield><controlfield tag="008">060222s1000------------r-----000-0-eng-d</controlfield><datafield ind1=" " ind2=" " tag="100"><subfield code="a">Born, Max</subfield></datafield><datafield ind1=" " ind2=" " tag="245"><subfield code="a">Physik und politik</subfield></datafield><datafield ind1=" " ind2=" " tag="260"><subfield code="a">Gottingen</subfield><subfield code="b">Vandenhoeck &amp; Ruprecht</subfield><subfield code="c">1960</subfield></datafield><datafield ind1=" " ind2=" " tag="300"><subfield code="a">75 p</subfield></datafield><datafield ind1=" " ind2=" " tag="CAT"><subfield code="a">SYS</subfield><subfield code="c">20170209</subfield><subfield code="h">171516</subfield></datafield></record></collection>